<record><leader>00000cas a22000007a 4500</leader><controlfield tag="001">12918732</controlfield><controlfield tag="008">851216c19769999utuwr ne      0    0eng d</controlfield><datafield ind1=" " ind2=" " tag="010"><subfield code="a">sn 85058332 </subfield></datafield><datafield ind1=" " ind2=" " tag="040"><subfield code="a">UNP</subfield><subfield code="b">eng</subfield><subfield code="c">UNP</subfield><subfield code="d">OCLCQ</subfield></datafield><datafield ind1=" " ind2=" " tag="037"><subfield code="b">155 East 4905 South, Murray, UT 84107</subfield></datafield><datafield ind1=" " ind2=" " tag="042"><subfield code="a">msc</subfield></datafield><datafield ind1="0" ind2="4" tag="245"><subfield code="a">The Sentinel East.</subfield></datafield><datafield ind1="1" ind2="7" tag="246"><subfield code="a">Sentinel</subfield></datafield><datafield ind1=" " ind2=" " tag="260"><subfield code="a">[Midvale, Utah :</subfield><subfield code="b">D.C. Godfrey and J.M. Landers],</subfield><subfield code="c">1976-</subfield></datafield><datafield ind1=" " ind2=" " tag="300"><subfield code="a">v. :</subfield><subfield code="b">ill. ;</subfield><subfield code="c">58 cm.</subfield></datafield><datafield ind1=" " ind2=" " tag="310"><subfield code="a">Weekly</subfield></datafield><datafield ind1="0" ind2=" " tag="362"><subfield code="a">Vol. 1, no. 1 (May 6, 1976)-</subfield></datafield><datafield ind1=" " ind2=" " tag="500"><subfield code="a">"Serving the communities in the Jordan School District east of Jordan River."</subfield></datafield><datafield ind1=" " ind2=" " tag="500"><subfield code="a">Printed at the offices of: Murray eagle.</subfield></datafield><datafield ind1=" " ind2=" " tag="752"><subfield code="a">United States</subfield><subfield code="b">Utah</subfield><subfield code="c">Salt Lake</subfield><subfield code="d">Midvale.</subfield></datafield><datafield ind1="1" ind2=" " tag="787"><subfield code="t">Murray eagle</subfield><subfield code="w">(DLC)sn 85058334</subfield><subfield code="w">(OCoLC)12902128</subfield></datafield></record>